<?xml version="1.0" encoding="UTF-8"?>
<?xml-stylesheet type="text/xsl" href="https://www.revistas.usp.br/lib/pkp/xml/oai2.xsl" ?>
<OAI-PMH xmlns="http://www.openarchives.org/OAI/2.0/" xmlns:xsi="http://www.w3.org/2001/XMLSchema-instance" xsi:schemaLocation="http://www.openarchives.org/OAI/2.0/ http://www.openarchives.org/OAI/2.0/OAI-PMH.xsd">
<responseDate>2023-08-07T14:50:07Z</responseDate>
<request verb="ListRecords" metadataPrefix="marcxml" set="actafisiatrica">https://www.revistas.usp.br/actafisiatrica/oai</request>
<ListRecords>
<record>
<header>
<identifier>oai:revistas.usp.br:article/103203</identifier>
<datestamp>2019-10-18T17:38:23Z</datestamp>
<setSpec>actafisiatrica:Art.+Orig.</setSpec>
<setSpec>driver</setSpec>
</header>
<metadata>
<record xmlns="http://www.loc.gov/MARC21/slim" xmlns:xsi="http://www.w3.org/2001/XMLSchema-instance" xsi:schemaLocation="http://www.loc.gov/MARC21/slim http://www.loc.gov/standards/marcxml/schema/MARC21slim.xsd">
<leader>     nmb a2200000Iu 4500</leader>
<controlfield tag="008">"090909 2009                        eng  "</controlfield>
<datafield tag="022" ind1="#" ind2="#">
<subfield code="$a">2317-0190</subfield>
</datafield>
<datafield tag="022" ind1="#" ind2="#">
<subfield code="$a">0104-7795</subfield>
</datafield>
<datafield tag="042" ind1=" " ind2=" ">
<subfield code="a">dc</subfield>
</datafield>
<datafield tag="245" ind1="0" ind2="0">
<subfield code="a">Avaliação dos efeitos a longo prazo da acupuntura e exercícios terapêuticos em ombro congelado de pacientes com acidente cerebral vascular</subfield>
</datafield>  <datafield tag="720" ind1="1" ind2=" ">
<subfield code="a">Plavsic, Aleksandra</subfield>
<subfield code="u">Universidade de Roma Tor Vergata</subfield></datafield>
<datafield tag="720" ind1="1" ind2=" ">
<subfield code="a">Foti, Calogero</subfield>
<subfield code="u">Universidade de Roma Tor Vergata</subfield></datafield>
<datafield tag="720" ind1="1" ind2=" ">
<subfield code="a">Della Bella, Gessica</subfield>
<subfield code="u">Universidade de Roma Tor Vergata</subfield></datafield>
<datafield tag="720" ind1="1" ind2=" ">
<subfield code="a">Brdareski, Zorica</subfield>
<subfield code="u">Academia Médica Militar, Belgrado</subfield></datafield>
<datafield tag="720" ind1="1" ind2=" ">
<subfield code="a">Nikcevic, Ljubica</subfield>
<subfield code="u">Hospital Saint Sava, Belgrado</subfield></datafield>
<datafield tag="720" ind1="1" ind2=" ">
<subfield code="a">Konstantinovic, Ljubica</subfield>
</datafield>
<datafield tag="520" ind1=" " ind2=" ">
<subfield code="a"> Objetivo: Determinar como a acupuntura e a terapia com exercícios afetam a função motora e espasmodicidade das mãos de pacientes com acidente cerebral vascular 6 meses após eles terem recebido este tipo de terapia. Métodos: Estudo clínico prospectivo, aleatório e cego de 20 pacientes, com idades entre 60-70 anos, na fase crônica de 6 meses após o AVC. Os sujeitos do estudo foram divididos em dois grupos: Grupo A, o qual foi tratado com acu-puntura e terapia de exercícios (AP-ET) 6 meses atrás e Grupo B, o qual foi tratado apenas com terapia de exercícios (ET) 6 meses atrás. Resultados: As análises mostraram uma diferença estatisticamente significativa nos SCORES do pós-tratamento em comparação com 6 meses após o tratamento com cada grupo de estudo, para todos os parâmetros examinados (p&lt;0.01 em todos os casos) exceto pelo MAS. As análises mostraram uma diferença estatisticamente significativa em alguns parâmetros no grupo ET em comparação ao grupo AP-ET com valores médios maiores no grupo AP-ET para MAS e CSDQ. Todos os outros parâmetros não mostraram nenhuma diferença estatística entre os grupos diferentes de terapia 6 meses após a terapia. Conclusão: Os resultados confirmam a hipótese de que a acupuntura e a terapia de exercícios são úteis no tratamento de ombro congelado em pacientes com AVC e que seus efeitos ainda estão presentes após seis meses de terapia, no entanto, dado o pequeno número de pacientes, mais estudos são necessários para verificar estes resultados. </subfield>
</datafield>
<datafield tag="260" ind1=" " ind2=" ">
<subfield code="b">Faculdade de Medicina, Universidade de São Paulo</subfield>
</datafield>
<dataField tag="260" ind1=" " ind2=" ">
<subfield code="c">2009-09-09 00:00:00</subfield>
</dataField>   <datafield tag="856" ind1=" " ind2=" ">
<subfield code="q">application/pdf</subfield>
</datafield>
<datafield tag="856" ind1="4" ind2="0">
<subfield code="u">https://www.revistas.usp.br/actafisiatrica/article/view/103203</subfield>
</datafield>  <datafield tag="786" ind1="0" ind2=" ">
<subfield code="n">Acta Fisiátrica; v. 16 n. 3 (2009)</subfield>
</datafield>  <datafield tag="546" ind1=" " ind2=" ">
<subfield code="a">por</subfield>
</datafield>   <datafield tag="540" ind1=" " ind2=" ">
<subfield code="a">Copyright (c) 2009 Acta Fisiátrica</subfield>
</datafield>
</record>
</metadata>
</record>