
<record>
<header>
<identifier>oai:revistas.usp.br:article/103214</identifier>
<datestamp>2019-10-21T12:17:38Z</datestamp>
<setSpec>actafisiatrica:Art.+Orig.</setSpec>
<setSpec>driver</setSpec>
</header>
<metadata>
<record xmlns="http://www.loc.gov/MARC21/slim" xmlns:xsi="http://www.w3.org/2001/XMLSchema-instance" xsi:schemaLocation="http://www.loc.gov/MARC21/slim http://www.loc.gov/standards/marcxml/schema/MARC21slim.xsd">
<leader>     nmb a2200000Iu 4500</leader>
<controlfield tag="008">"090909 2009                        eng  "</controlfield>
<datafield tag="022" ind1="#" ind2="#">
<subfield code="$a">2317-0190</subfield>
</datafield>
<datafield tag="022" ind1="#" ind2="#">
<subfield code="$a">0104-7795</subfield>
</datafield>
<datafield tag="042" ind1=" " ind2=" ">
<subfield code="a">dc</subfield>
</datafield>
<datafield tag="245" ind1="0" ind2="0">
<subfield code="a">Importância do treinamento da propriocepção e do controle motor na reabilitação após lesões músculo-esqueléticas</subfield>
</datafield>  <datafield tag="720" ind1="1" ind2=" ">
<subfield code="a">Leporace, Gustavo</subfield>
<subfield code="u">Instituto Brasil de Tecnologias da Saúde</subfield></datafield>
<datafield tag="720" ind1="1" ind2=" ">
<subfield code="a">Metsavaht, Leonardo</subfield>
<subfield code="u">Instituto Brasil de Tecnologias da Saúde</subfield></datafield>
<datafield tag="720" ind1="1" ind2=" ">
<subfield code="a">Sposito, Maria Matilde de Mello</subfield>
<subfield code="u">Universidade de São Paulo. Faculdade de Medicina</subfield></datafield>
<datafield tag="520" ind1=" " ind2=" ">
<subfield code="a"> A propriocepção e o controle muscular possuem um papel fundamental na estabilidade articular dinâmica. Após lesões ortopédicas algumas características sensório-motoras são alteradas e devem ser focadas em programas de reabilitação, para que haja sucesso no retorno às atividades realizadas previamente a lesão. Desta forma, devem ser realizados exercícios proprioceptivos específicos desde início do período pós operatório ou após a fase aguda de lesões tratadas conservadoramente, com o objetivo de melhorar a acuidade proprioceptiva e a resposta muscular antecipatória e reativa, restabelecendo a estabilidade articular dinâmica. Neste artigo abordaremos o conceito original de propriocepção, a contribuição para a manutenção da estabilidade articular dinâmica, a influência da lesão na acuidade proprioceptiva e o treinamento da propriocepção e do controle neuromuscular. </subfield>
</datafield>
<datafield tag="260" ind1=" " ind2=" ">
<subfield code="b">Faculdade de Medicina, Universidade de São Paulo</subfield>
</datafield>
<dataField tag="260" ind1=" " ind2=" ">
<subfield code="c">2009-09-09 00:00:00</subfield>
</dataField>   <datafield tag="856" ind1=" " ind2=" ">
<subfield code="q">application/pdf</subfield>
</datafield>
<datafield tag="856" ind1="4" ind2="0">
<subfield code="u">https://www.revistas.usp.br/actafisiatrica/article/view/103214</subfield>
</datafield>  <datafield tag="786" ind1="0" ind2=" ">
<subfield code="n">Acta Fisiátrica; v. 16 n. 3 (2009)</subfield>
</datafield>  <datafield tag="546" ind1=" " ind2=" ">
<subfield code="a">por</subfield>
</datafield>   <datafield tag="540" ind1=" " ind2=" ">
<subfield code="a">Copyright (c) 2009 Acta Fisiátrica</subfield>
</datafield>
</record>
</metadata>
</record>