
<record>
<header>
<identifier>oai:revistas.usp.br:article/103216</identifier>
<datestamp>2019-10-21T12:29:58Z</datestamp>
<setSpec>actafisiatrica:Art.+Orig.</setSpec>
<setSpec>driver</setSpec>
</header>
<metadata>
<record xmlns="http://www.loc.gov/MARC21/slim" xmlns:xsi="http://www.w3.org/2001/XMLSchema-instance" xsi:schemaLocation="http://www.loc.gov/MARC21/slim http://www.loc.gov/standards/marcxml/schema/MARC21slim.xsd">
<leader>     nmb a2200000Iu 4500</leader>
<controlfield tag="008">"090909 2009                        eng  "</controlfield>
<datafield tag="022" ind1="#" ind2="#">
<subfield code="$a">2317-0190</subfield>
</datafield>
<datafield tag="022" ind1="#" ind2="#">
<subfield code="$a">0104-7795</subfield>
</datafield>
<datafield tag="042" ind1=" " ind2=" ">
<subfield code="a">dc</subfield>
</datafield>
<datafield tag="245" ind1="0" ind2="0">
<subfield code="a">Interveniência dos fatores ambientais na vida de crianças com paralisia cerebral</subfield>
</datafield>  <datafield tag="720" ind1="1" ind2=" ">
<subfield code="a">Brasileiro, Ismênia de Carvalho</subfield>
<subfield code="u">Faculdade Integrada do Ceará</subfield></datafield>
<datafield tag="720" ind1="1" ind2=" ">
<subfield code="a">Moreira, Thereza Maria Magalhães</subfield>
<subfield code="u">Universidade Estadual do Ceará</subfield></datafield>
<datafield tag="720" ind1="1" ind2=" ">
<subfield code="a">Jorge, Maria Salete Bessa</subfield>
<subfield code="u">Universidade Estadual do Ceará</subfield></datafield>
<datafield tag="520" ind1=" " ind2=" ">
<subfield code="a"> O presente estudo teve como objetivo descrever as características dos fatores ambientais que interferem na vida cotidiana de um grupo de crianças com paralisia cerebral atendidas em um núcleo de tratamento e estimulação precoce utilizando a Classificação Internacional de Funcionalidade, Incapacidade e Saúde (CIF). O estudo descritivo foi desenvolvido de maio a setembro de 2006. A amostra foi constituída de 32 crianças com disfunção leve e moderada, assíduos ao tratamento fisioterapêutico. Os dados foram coletados e agrupados pelo programa Statistical Package of Social of Science (SPSS). Cerca de 70% dos casos não faz uso de medicação especial e grande parte necessita de equipamentos de auxílio para deslocamento. Ambientes internos não são pertinentes ao uso. A acessibilidade a locais públicos constituiu barreira que variou de intensidade. O apoio recebido em diversos aspectos é feito basicamente pelo núcleo familiar. A grande maioria não conta com sistemas e políticas públicas de transporte e educação e grande parte se beneficia do apoio financeiro do governo. A CIF proporcionou melhor compreensão quanto à capacidade funcional da criança, ao fa-vorecer descrição menos subjetiva da interferência de fatores contextuais ambientais. </subfield>
</datafield>
<datafield tag="260" ind1=" " ind2=" ">
<subfield code="b">Faculdade de Medicina, Universidade de São Paulo</subfield>
</datafield>
<dataField tag="260" ind1=" " ind2=" ">
<subfield code="c">2009-09-09 00:00:00</subfield>
</dataField>   <datafield tag="856" ind1=" " ind2=" ">
<subfield code="q">application/pdf</subfield>
</datafield>
<datafield tag="856" ind1="4" ind2="0">
<subfield code="u">https://www.revistas.usp.br/actafisiatrica/article/view/103216</subfield>
</datafield>  <datafield tag="786" ind1="0" ind2=" ">
<subfield code="n">Acta Fisiátrica; v. 16 n. 3 (2009)</subfield>
</datafield>  <datafield tag="546" ind1=" " ind2=" ">
<subfield code="a">por</subfield>
</datafield>   <datafield tag="540" ind1=" " ind2=" ">
<subfield code="a">Copyright (c) 2009 Acta Fisiátrica</subfield>
</datafield>
</record>
</metadata>
</record>