
<record>
<header>
<identifier>oai:revistas.usp.br:article/103218</identifier>
<datestamp>2019-10-21T13:56:31Z</datestamp>
<setSpec>actafisiatrica:Art.+Orig.</setSpec>
<setSpec>driver</setSpec>
</header>
<metadata>
<record xmlns="http://www.loc.gov/MARC21/slim" xmlns:xsi="http://www.w3.org/2001/XMLSchema-instance" xsi:schemaLocation="http://www.loc.gov/MARC21/slim http://www.loc.gov/standards/marcxml/schema/MARC21slim.xsd">
<leader>     nmb a2200000Iu 4500</leader>
<controlfield tag="008">"090909 2009                        eng  "</controlfield>
<datafield tag="022" ind1="#" ind2="#">
<subfield code="$a">2317-0190</subfield>
</datafield>
<datafield tag="022" ind1="#" ind2="#">
<subfield code="$a">0104-7795</subfield>
</datafield>
<datafield tag="042" ind1=" " ind2=" ">
<subfield code="a">dc</subfield>
</datafield>
<datafield tag="245" ind1="0" ind2="0">
<subfield code="a">Obesidade infantil e suas relações com o equilíbrio corporal</subfield>
</datafield>  <datafield tag="720" ind1="1" ind2=" ">
<subfield code="a">Lemos, Luiz Fernando Cuozzo</subfield>
<subfield code="u">Universidade de Brasília</subfield></datafield>
<datafield tag="720" ind1="1" ind2=" ">
<subfield code="a">David, Ana Cristina de</subfield>
<subfield code="u">Universidade de Brasília</subfield></datafield>
<datafield tag="720" ind1="1" ind2=" ">
<subfield code="a">Teixeira, Clarissa Stefani</subfield>
<subfield code="u">Universidade Federal de Santa Catarina</subfield></datafield>
<datafield tag="720" ind1="1" ind2=" ">
<subfield code="a">Mota, Carlos Bolli</subfield>
<subfield code="u">Universidade Federal de Santa Maria</subfield></datafield>
<datafield tag="520" ind1=" " ind2=" ">
<subfield code="a"> As relações entre a estabilidade do corpo, problemas de saúde, gênero e idade ainda são escassas. Uma das maiores preocupações relaciona-se com crianças obesas. Mesmo que tal temática seja de suma importância, relações do equilíbrio corporal com a obesidade infantil mostram uma carência de investigações. Este estudo foi desenvolvido para identificar e relacionar os comprometimentos da obesidade com as aquisições da estabilidade e com a manutenção da postura corporal em crianças, por meio de uma revisão biblio-gráfica. Logo, este estudo objetivou identificar os aspectos rela-cionados ao equilíbrio corporal e a postura de crianças obesas. Foi realizada a busca bibliográfica em artigos indexados de três bases de dados: Lilacs, Sciencedirect, e Scielo, com as palavras equilí-brio, crianças, controle postural e obesidade, combinadas entre si. De acordo com os estudos encontrados, foi possível inferir que a dificuldade da manutenção do equilíbrio corporal de crianças obesas está relacionada principalmente às modificações físicas do corpo somadas às menores quantidades de vivências corporais. Porém, os estudos apresentam divergência sobre os efeitos da obesidade na infância e o equilíbrio corporal, demonstrando necessidade de novas pesquisas com métodos modernos e atuais. </subfield>
</datafield>
<datafield tag="260" ind1=" " ind2=" ">
<subfield code="b">Faculdade de Medicina, Universidade de São Paulo</subfield>
</datafield>
<dataField tag="260" ind1=" " ind2=" ">
<subfield code="c">2009-09-09 00:00:00</subfield>
</dataField>   <datafield tag="856" ind1=" " ind2=" ">
<subfield code="q">application/pdf</subfield>
</datafield>
<datafield tag="856" ind1="4" ind2="0">
<subfield code="u">https://www.revistas.usp.br/actafisiatrica/article/view/103218</subfield>
</datafield>  <datafield tag="786" ind1="0" ind2=" ">
<subfield code="n">Acta Fisiátrica; v. 16 n. 3 (2009)</subfield>
</datafield>  <datafield tag="546" ind1=" " ind2=" ">
<subfield code="a">por</subfield>
</datafield>   <datafield tag="540" ind1=" " ind2=" ">
<subfield code="a">Copyright (c) 2009 Acta Fisiátrica</subfield>
</datafield>
</record>
</metadata>
</record>