
<record>
<header>
<identifier>oai:revistas.usp.br:article/103221</identifier>
<datestamp>2019-10-21T14:03:37Z</datestamp>
<setSpec>actafisiatrica:Rel.+Caso</setSpec>
<setSpec>driver</setSpec>
</header>
<metadata>
<record xmlns="http://www.loc.gov/MARC21/slim" xmlns:xsi="http://www.w3.org/2001/XMLSchema-instance" xsi:schemaLocation="http://www.loc.gov/MARC21/slim http://www.loc.gov/standards/marcxml/schema/MARC21slim.xsd">
<leader>     nmb a2200000Iu 4500</leader>
<controlfield tag="008">"090909 2009                        eng  "</controlfield>
<datafield tag="022" ind1="#" ind2="#">
<subfield code="$a">2317-0190</subfield>
</datafield>
<datafield tag="022" ind1="#" ind2="#">
<subfield code="$a">0104-7795</subfield>
</datafield>
<datafield tag="042" ind1=" " ind2=" ">
<subfield code="a">dc</subfield>
</datafield>
<datafield tag="245" ind1="0" ind2="0">
<subfield code="a">Abordagem global de uma intervenção fisioterapêutica na onfalocele gigante</subfield>
</datafield>  <datafield tag="720" ind1="1" ind2=" ">
<subfield code="a">Santos, Camila Isabel da Silva</subfield>
<subfield code="u">Universidade Estadual de Campinas</subfield></datafield>
<datafield tag="720" ind1="1" ind2=" ">
<subfield code="a">Okuro, Renata Tiemi</subfield>
<subfield code="u">Universidade Estadual de Campinas</subfield></datafield>
<datafield tag="720" ind1="1" ind2=" ">
<subfield code="a">Conti, Patricia Blau Margosian</subfield>
<subfield code="u">Universidade Estadual de Campinas</subfield></datafield>
<datafield tag="720" ind1="1" ind2=" ">
<subfield code="a">Choukmaev, Michele Chiacchio</subfield>
<subfield code="u">Hospital Beneficente Israelita Albert Einstein</subfield></datafield>
<datafield tag="720" ind1="1" ind2=" ">
<subfield code="a">Antonelli, Milena</subfield>
<subfield code="u">Universidade Estadual de Campinas</subfield></datafield>
<datafield tag="720" ind1="1" ind2=" ">
<subfield code="a">Ribeiro, Maria Ângela Gonçalves de Oliveira</subfield>
<subfield code="u">Universidade Estadual de Campinas</subfield></datafield>
<datafield tag="520" ind1=" " ind2=" ">
<subfield code="a"> Descrever os efeitos da utilização de recursos instrumentais e cinesioterapêuticos em parâmetros cardiorrespiratórios, espirométricos e na qualidade de vida de uma adolescente com diagnóstico de Onfalocele Gigante (OG), doença pouco abordada na literatura em relação à intervenção da fisioterapia respiratória e motora. Paciente de 16 anos, com diagnóstico de OG, realizou acompanhamento fisioterapêutico, cuja conduta envolveu o uso do Threshold®, Respiron®, fortalecimento e alongamento da musculatura global e de grupos musculares específicos, para a melhora do padrão postural. Os dados de função pulmonar referente à saturação de oxigênio, freqüências respiratória e cardíaca, pressão inspiratória e expiratória máximas, teste de caminhada de seis minutos e parâmetros espirométricos foram as variáveis quantitativas de efeito consideradas antes e após o período de cinco meses de tratamento. Houve melhora de todas as variáveis quantitativas de função pulmonar em relação aos valores basais, bem como melhora da qualidade de vida e da sensação de dispnéia referidas pela adolescente. O uso de recursos fisioterapêuticos instrumentais para fortalecer a musculatura inspiratória, melhorar a ventilação, diminuir a dispnéia e aumentar a tolerância ao exercício, além de uma abordagem postural para desenvolver equilíbrio da biomecânica músculo-esquelética, podem ser uma alternativa a ser utilizada como conduta no tratamento de pacientes com OG. </subfield>
</datafield>
<datafield tag="260" ind1=" " ind2=" ">
<subfield code="b">Faculdade de Medicina, Universidade de São Paulo</subfield>
</datafield>
<dataField tag="260" ind1=" " ind2=" ">
<subfield code="c">2009-09-09 00:00:00</subfield>
</dataField>   <datafield tag="856" ind1=" " ind2=" ">
<subfield code="q">application/pdf</subfield>
</datafield>
<datafield tag="856" ind1="4" ind2="0">
<subfield code="u">https://www.revistas.usp.br/actafisiatrica/article/view/103221</subfield>
</datafield>  <datafield tag="786" ind1="0" ind2=" ">
<subfield code="n">Acta Fisiátrica; v. 16 n. 3 (2009)</subfield>
</datafield>  <datafield tag="546" ind1=" " ind2=" ">
<subfield code="a">por</subfield>
</datafield>   <datafield tag="540" ind1=" " ind2=" ">
<subfield code="a">Copyright (c) 2009 Acta Fisiátrica</subfield>
</datafield>
</record>
</metadata>
</record>