
<record>
<header>
<identifier>oai:revistas.usp.br:article/103224</identifier>
<datestamp>2019-10-18T13:19:45Z</datestamp>
<setSpec>actafisiatrica:Art.+Orig.</setSpec>
<setSpec>driver</setSpec>
</header>
<metadata>
<record xmlns="http://www.loc.gov/MARC21/slim" xmlns:xsi="http://www.w3.org/2001/XMLSchema-instance" xsi:schemaLocation="http://www.loc.gov/MARC21/slim http://www.loc.gov/standards/marcxml/schema/MARC21slim.xsd">
<leader>     nmb a2200000Iu 4500</leader>
<controlfield tag="008">"091209 2009                        eng  "</controlfield>
<datafield tag="022" ind1="#" ind2="#">
<subfield code="$a">2317-0190</subfield>
</datafield>
<datafield tag="022" ind1="#" ind2="#">
<subfield code="$a">0104-7795</subfield>
</datafield>
<datafield tag="042" ind1=" " ind2=" ">
<subfield code="a">dc</subfield>
</datafield>
<datafield tag="245" ind1="0" ind2="0">
<subfield code="a">A velocidade média do teste de caminhada incentivada de 6 minutos como determinante da intensidade de treinamento para o recondicionamento físico de pneumopatas crônicos</subfield>
</datafield>  <datafield tag="720" ind1="1" ind2=" ">
<subfield code="a">Figueiredo, Pedro Henrique Scheidt</subfield>
<subfield code="u">Fundação Mineira de Educação e Cultura</subfield></datafield>
<datafield tag="720" ind1="1" ind2=" ">
<subfield code="a">Guimarães, Fernando Silva</subfield>
<subfield code="u">Universidade Federal do Rio de Janeiro</subfield></datafield>
<datafield tag="520" ind1=" " ind2=" ">
<subfield code="a"> O objetivo deste estudo foi avaliar a eficácia de um protocolo de recondicionamento aeróbico para a melhora da capacidade funcional e dispnéia de pacientes pneumopatas crônicos, tendo como referência o teste de caminhada de 6 minutos (6MWD) para determinação da carga de treinamento. Metodologia: foram selecionados 10 pacientes pneumopatas crônicos (9 M e 1 F) com média de idade de 61,5 ± 10,6 anos, apresentando estabilidade clínica e sem contra-indicações para a prática de exercício aeróbico. O protocolo foi realizado em esteira ergométrica, com freqüência semanal de 3 sessões, durante 8 semanas. A velocidade de caminhada na esteira foi estipulada em 85% da velocidade média obtida no 6MWD. A capacidade funcional e a dispnéia foram avaliadas no inicio e ao término do treinamento. Para análise estatística foram utilizados os testes t-pareado e Wilcoxon, conforme as características das variáveis. As diferenças foram consideradas estatisticamente significativas quando p &lt; 0,05. Resultados: Foi observada melhora da capacidade funcional através de aumento da distância percorrida no 6MWD (média = 445,7 ± 175 m vs 565,8 ± 174 m; p &lt; 0,01) assim como redução da dispnéia pela MMRC [mediana = 3 (2 – 4) vs 1 (0 - 3); p &lt; 0,05]. Conclusão: A velocidade média do 6MWD é um parâmetro eficaz para determinação da carga de treinamento em programas de recondicionamento aeróbico para pacientes pneumopatas crônicos. </subfield>
</datafield>
<datafield tag="260" ind1=" " ind2=" ">
<subfield code="b">Faculdade de Medicina, Universidade de São Paulo</subfield>
</datafield>
<dataField tag="260" ind1=" " ind2=" ">
<subfield code="c">2009-12-09 00:00:00</subfield>
</dataField>   <datafield tag="856" ind1=" " ind2=" ">
<subfield code="q">application/pdf</subfield>
</datafield>
<datafield tag="856" ind1="4" ind2="0">
<subfield code="u">https://www.revistas.usp.br/actafisiatrica/article/view/103224</subfield>
</datafield>  <datafield tag="786" ind1="0" ind2=" ">
<subfield code="n">Acta Fisiátrica; v. 16 n. 4 (2009)</subfield>
</datafield>  <datafield tag="546" ind1=" " ind2=" ">
<subfield code="a">por</subfield>
</datafield>   <datafield tag="540" ind1=" " ind2=" ">
<subfield code="a">Copyright (c) 2009 Acta Fisiátrica</subfield>
</datafield>
</record>
</metadata>
</record>