
<record>
<header>
<identifier>oai:revistas.usp.br:article/103248</identifier>
<datestamp>2019-10-18T13:26:53Z</datestamp>
<setSpec>actafisiatrica:Art.+Orig.</setSpec>
<setSpec>driver</setSpec>
</header>
<metadata>
<record xmlns="http://www.loc.gov/MARC21/slim" xmlns:xsi="http://www.w3.org/2001/XMLSchema-instance" xsi:schemaLocation="http://www.loc.gov/MARC21/slim http://www.loc.gov/standards/marcxml/schema/MARC21slim.xsd">
<leader>     nmb a2200000Iu 4500</leader>
<controlfield tag="008">"091209 2009                        eng  "</controlfield>
<datafield tag="022" ind1="#" ind2="#">
<subfield code="$a">2317-0190</subfield>
</datafield>
<datafield tag="022" ind1="#" ind2="#">
<subfield code="$a">0104-7795</subfield>
</datafield>
<datafield tag="042" ind1=" " ind2=" ">
<subfield code="a">dc</subfield>
</datafield>
<datafield tag="245" ind1="0" ind2="0">
<subfield code="a">Medida de independência funcional em adultos com paralisia cerebral: relação com habilidades cognitivas e perfil comportamental</subfield>
</datafield>  <datafield tag="720" ind1="1" ind2=" ">
<subfield code="a">Teixeira, Maria Cristina Triguero Veloz</subfield>
<subfield code="u">Universidade Presbiteriana Mackenzie</subfield></datafield>
<datafield tag="720" ind1="1" ind2=" ">
<subfield code="a">Emerich, Deisy Ribas</subfield>
<subfield code="u">Universidade Presbiteriana Mackenzie</subfield></datafield>
<datafield tag="720" ind1="1" ind2=" ">
<subfield code="a">Cevallos, Priscilla Veloz</subfield>
<subfield code="u">Universidade Presbiteriana Mackenzie</subfield></datafield>
<datafield tag="720" ind1="1" ind2=" ">
<subfield code="a">Costa, Milena Luchetta da</subfield>
<subfield code="u">Universidade Presbiteriana Mackenzie</subfield></datafield>
<datafield tag="520" ind1=" " ind2=" ">
<subfield code="a"> Objetivo: identificar relações entre a medida de independência funcional e o perfil comportamental e cognitivo de um grupo de pessoas adultas com Paralisia Cerebral. Métodos: Dezoito adultos institucionalizados e com diagnóstico de Paralisia Cerebral (12 do sexo masculino e 6 do sexo feminino) e seus respectivos cuidadores participaram do estudo. As técnicas de coleta de dados foram o Teste Não-Verbal de Inteligência (TONI-3), o Inventário de Comportamentos de Adultos de 18 a 59 anos (ABCL) e a Medida de Independência Funcional (MIF). Resultados: A pontuação total da MIF apresentou correlações negativas com a escala problemas de ansiedade do ABCL (rho= -0,511, p=0,030) e positivas com o TONI-3 (rho=0,540, p=0,021). Algumas alterações de comportamento do ABCL correlacionaram-se negativamente com o TONI-3, por exemplo, escala Problemas de Atenção (rho= -0,459, p=0,056) e a escala de Isolamento (rho= -0,545, p=0,019). A média dos valores de desempenho motor foi de 35,88; 28,5 no desempenho cognitivo e 64,38 na escala total. Conclusões: Houve correlação entre problemas de comportamento, medida de independência funcional e habilidades cognitivas. Os resultados servem para orientar os cuidadores e a equipe da instituição no planejamento de programas de reabilitação para os pacientes pesquisados. </subfield>
</datafield>
<datafield tag="260" ind1=" " ind2=" ">
<subfield code="b">Faculdade de Medicina, Universidade de São Paulo</subfield>
</datafield>
<dataField tag="260" ind1=" " ind2=" ">
<subfield code="c">2009-12-09 00:00:00</subfield>
</dataField>   <datafield tag="856" ind1=" " ind2=" ">
<subfield code="q">application/pdf</subfield>
</datafield>
<datafield tag="856" ind1="4" ind2="0">
<subfield code="u">https://www.revistas.usp.br/actafisiatrica/article/view/103248</subfield>
</datafield>  <datafield tag="786" ind1="0" ind2=" ">
<subfield code="n">Acta Fisiátrica; v. 16 n. 4 (2009)</subfield>
</datafield>  <datafield tag="546" ind1=" " ind2=" ">
<subfield code="a">por</subfield>
</datafield>   <datafield tag="540" ind1=" " ind2=" ">
<subfield code="a">Copyright (c) 2009 Acta Fisiátrica</subfield>
</datafield>
</record>
</metadata>
</record>