
<record>
<header>
<identifier>oai:revistas.usp.br:article/103272</identifier>
<datestamp>2019-10-18T13:36:35Z</datestamp>
<setSpec>actafisiatrica:Art.+Orig.</setSpec>
<setSpec>driver</setSpec>
</header>
<metadata>
<record xmlns="http://www.loc.gov/MARC21/slim" xmlns:xsi="http://www.w3.org/2001/XMLSchema-instance" xsi:schemaLocation="http://www.loc.gov/MARC21/slim http://www.loc.gov/standards/marcxml/schema/MARC21slim.xsd">
<leader>     nmb a2200000Iu 4500</leader>
<controlfield tag="008">"091209 2009                        eng  "</controlfield>
<datafield tag="022" ind1="#" ind2="#">
<subfield code="$a">2317-0190</subfield>
</datafield>
<datafield tag="022" ind1="#" ind2="#">
<subfield code="$a">0104-7795</subfield>
</datafield>
<datafield tag="042" ind1=" " ind2=" ">
<subfield code="a">dc</subfield>
</datafield>
<datafield tag="245" ind1="0" ind2="0">
<subfield code="a">O uso da bandagem elástica Kinesio no controle da sialorréia em crianças com paralisia cerebral</subfield>
</datafield>  <datafield tag="720" ind1="1" ind2=" ">
<subfield code="a">Ribeiro, Mariana de Oliveira</subfield>
<subfield code="u">Associação de Assistência à Criança Deficiente</subfield></datafield>
<datafield tag="720" ind1="1" ind2=" ">
<subfield code="a">Rahal, Renata de Oliveira</subfield>
<subfield code="u">Associação de Assistência à Criança Deficiente</subfield></datafield>
<datafield tag="720" ind1="1" ind2=" ">
<subfield code="a">Kokanj, Andréa Siqueira</subfield>
<subfield code="u">Associação de Assistência à Criança Deficiente</subfield></datafield>
<datafield tag="720" ind1="1" ind2=" ">
<subfield code="a">Bittar, Daniela Pimenta</subfield>
<subfield code="u">Associação de Assistência à Criança Deficiente</subfield></datafield>
<datafield tag="520" ind1=" " ind2=" ">
<subfield code="a"> Objetivo: Verificar a eficiência da bandagem elástica Kinesio no controle de deglutição de saliva em crianças com paralisia cerebral. Material e Método: A pesquisa foi realizada no Setor Escolar da Associação de Assistência à Criança Deficiente (AACD). Participaram 42 crianças com idades entre 4 e 15 anos (média = 8 anos e 9 meses), de ambos os sexos, com diagnóstico de paralisia cerebral e queixa de sialorréia. Foi realizado um checklist com os pais da criança com perguntas referentes a sialorréia e posteriormente realizadas duas escalas para pontuação da freqüência e da gravidade dessa. Foram realizadas oito aplicações da Kinesio Tape na musculatura supra-hióidea e então, o checklist e as escalas foram reaplicados. Resultados: Verificou-se que houve redução estatisticamente significante nos parâmetros utilizados para verificação da sialorréia, sendo eles: número de toalhas utilizadas por dia para secar a baba, pontuação na escala de freqüência e pontuação na escala de gravidade da sialorréia. Conclusão: Conclui-se que o método Kinesio Taping é eficaz na melhora do controle de deglutição de saliva em crianças com Paralisia Cerebral. </subfield>
</datafield>
<datafield tag="260" ind1=" " ind2=" ">
<subfield code="b">Faculdade de Medicina, Universidade de São Paulo</subfield>
</datafield>
<dataField tag="260" ind1=" " ind2=" ">
<subfield code="c">2009-12-09 00:00:00</subfield>
</dataField>   <datafield tag="856" ind1=" " ind2=" ">
<subfield code="q">application/pdf</subfield>
</datafield>
<datafield tag="856" ind1="4" ind2="0">
<subfield code="u">https://www.revistas.usp.br/actafisiatrica/article/view/103272</subfield>
</datafield>  <datafield tag="786" ind1="0" ind2=" ">
<subfield code="n">Acta Fisiátrica; v. 16 n. 4 (2009)</subfield>
</datafield>  <datafield tag="546" ind1=" " ind2=" ">
<subfield code="a">por</subfield>
</datafield>   <datafield tag="540" ind1=" " ind2=" ">
<subfield code="a">Copyright (c) 2009 Acta Fisiátrica</subfield>
</datafield>
</record>
</metadata>
</record>