
<record>
<header>
<identifier>oai:revistas.usp.br:article/103273</identifier>
<datestamp>2019-10-18T14:01:47Z</datestamp>
<setSpec>actafisiatrica:Art.+Orig.</setSpec>
<setSpec>driver</setSpec>
</header>
<metadata>
<record xmlns="http://www.loc.gov/MARC21/slim" xmlns:xsi="http://www.w3.org/2001/XMLSchema-instance" xsi:schemaLocation="http://www.loc.gov/MARC21/slim http://www.loc.gov/standards/marcxml/schema/MARC21slim.xsd">
<leader>     nmb a2200000Iu 4500</leader>
<controlfield tag="008">"091209 2009                        eng  "</controlfield>
<datafield tag="022" ind1="#" ind2="#">
<subfield code="$a">2317-0190</subfield>
</datafield>
<datafield tag="022" ind1="#" ind2="#">
<subfield code="$a">0104-7795</subfield>
</datafield>
<datafield tag="042" ind1=" " ind2=" ">
<subfield code="a">dc</subfield>
</datafield>
<datafield tag="245" ind1="0" ind2="0">
<subfield code="a">Prevalência de úlcera por pressão em indivíduos com lesão de medula espinhal e a relação com a capacidade funcional pós-trauma</subfield>
</datafield>  <datafield tag="720" ind1="1" ind2=" ">
<subfield code="a">Rabeh, Soraia Assad Nasbine</subfield>
<subfield code="u">Universidade de São Paulo. Escola de Enfermagem de Ribeirão Preto</subfield></datafield>
<datafield tag="720" ind1="1" ind2=" ">
<subfield code="a">Caliri, Maria Helena Larcher</subfield>
<subfield code="u">Universidade de São Paulo. Escola de Enfermagem de Ribeirão Preto</subfield></datafield>
<datafield tag="720" ind1="1" ind2=" ">
<subfield code="a">Haas, Vanderlei José</subfield>
<subfield code="u">Universidade de São Paulo. Escola de Enfermagem de Ribeirão Preto</subfield></datafield>
<datafield tag="520" ind1=" " ind2=" ">
<subfield code="a"> O estudo observacional, transversal, teve por objetivos caracterizar indivíduos adultos que sofreram Lesão de Medula Espinhal (LME) entre janeiro de 2003 a Julho 2006 em hospitais credenciados ao SUS no município de Ribeirão Preto, avaliar a capacidade funcional utilizando a escala Medida de Independência Funcional (MIF), considerando o nível de lesão e identificar a prevalência de úlcera por pressão (UP). Após a aprovação do Comitê de Ética em Pesquisa o estudo foi realizado, mediante consentimento dos participantes. As entrevistas e avaliações foram realizadas nos domicílios. Dos 22 individuos, 91% eram do sexo masculino, com predominância na faixa etária de 30 a 39 anos. Acidente de trânsito foi a etiologia principal (50%) da LME, seguida de queda (27,3%). Onze (50%), tiveram lesão cervical, dez (45,5%) lesão torácica e um lesão lombar. Indivíduos com lesão cervical apresentaram escores menores na MIF total e motora, entretanto, a MIF cognitiva atingiu o valor máximo independente do nível da lesão. Nenhum dos indivíduos apresentou grau de dependência completa. Onze (50,0%), apresentaram dependência mínima, 6 (27,3%) dependência máxima e 5 (22,7%) independência moderada ou completa. Os 7 (31,8%) participantes com UP tinham maior dependência funcional. O trauma causou maior impacto no domínio motor com diminuição da capacidade funcional nas diferentes atividades para os indivíduos com lesão cervical. Houve aumento dos escores da MIF com o aumento do tempo pós-lesão, independente da participação em programa de reabilitação. Os resultados apontaram aspectos essenciais para a proposição de programa de reabilitação para esta população no contexto estudado. </subfield>
</datafield>
<datafield tag="260" ind1=" " ind2=" ">
<subfield code="b">Faculdade de Medicina, Universidade de São Paulo</subfield>
</datafield>
<dataField tag="260" ind1=" " ind2=" ">
<subfield code="c">2009-12-09 00:00:00</subfield>
</dataField>   <datafield tag="856" ind1=" " ind2=" ">
<subfield code="q">application/pdf</subfield>
</datafield>
<datafield tag="856" ind1="4" ind2="0">
<subfield code="u">https://www.revistas.usp.br/actafisiatrica/article/view/103273</subfield>
</datafield>  <datafield tag="786" ind1="0" ind2=" ">
<subfield code="n">Acta Fisiátrica; v. 16 n. 4 (2009)</subfield>
</datafield>  <datafield tag="546" ind1=" " ind2=" ">
<subfield code="a">por</subfield>
</datafield>   <datafield tag="540" ind1=" " ind2=" ">
<subfield code="a">Copyright (c) 2009 Acta Fisiátrica</subfield>
</datafield>
</record>
</metadata>
</record>