
<record>
<header>
<identifier>oai:revistas.usp.br:article/103274</identifier>
<datestamp>2019-11-22T20:47:56Z</datestamp>
<setSpec>actafisiatrica:Art.+Orig.</setSpec>
<setSpec>driver</setSpec>
</header>
<metadata>
<record xmlns="http://www.loc.gov/MARC21/slim" xmlns:xsi="http://www.w3.org/2001/XMLSchema-instance" xsi:schemaLocation="http://www.loc.gov/MARC21/slim http://www.loc.gov/standards/marcxml/schema/MARC21slim.xsd">
<leader>     nmb a2200000Iu 4500</leader>
<controlfield tag="008">"091209 2009                        eng  "</controlfield>
<datafield tag="022" ind1="#" ind2="#">
<subfield code="$a">2317-0190</subfield>
</datafield>
<datafield tag="022" ind1="#" ind2="#">
<subfield code="$a">0104-7795</subfield>
</datafield>
<datafield tag="042" ind1=" " ind2=" ">
<subfield code="a">dc</subfield>
</datafield>
<datafield tag="245" ind1="0" ind2="0">
<subfield code="a">A quantificação do trabalho mecânico como recurso de avaliação do controle postural</subfield>
</datafield>  <datafield tag="720" ind1="1" ind2=" ">
<subfield code="a">Castro, Pedro Cláudio Gonsales de</subfield>
<subfield code="u">Instituto de Medicina Física e Reabilitação HCFMUSP</subfield></datafield>
<datafield tag="720" ind1="1" ind2=" ">
<subfield code="a">Coelho, Daniel Boari</subfield>
<subfield code="u">Instituto de Medicina Física e Reabilitação HCFMUSP</subfield></datafield>
<datafield tag="720" ind1="1" ind2=" ">
<subfield code="a">Goroso, Daniel Gustavo</subfield>
<subfield code="u">Instituto de Medicina Física e Reabilitação HCFMUSP</subfield></datafield>
<datafield tag="720" ind1="1" ind2=" ">
<subfield code="a">Lopes, José Augusto Fernandes</subfield>
<subfield code="u">Instituto de Medicina Física e Reabilitação HCFMUSP</subfield></datafield>
<datafield tag="720" ind1="1" ind2=" ">
<subfield code="a">Moreira, Maria Cecília dos Santos Moreira Cecília dos Santos</subfield>
<subfield code="u">Instituto de Medicina Física e Reabilitação HCFMUSP</subfield></datafield>
<datafield tag="520" ind1=" " ind2=" ">
<subfield code="a"> O estudo tem por objetivo propor dois métodos de cálculo para a quantificaçao do trabalho mecânico (W) como recurso para análise do controle postural em indivíduos submetidos a perturbaçoes motoras, visuais e/ou que estao em processo de reabilitaçao física. Neste estudo se aborda a quantificaçao do W realizado pelo sistema muscular após a extensao do tronco para postura ereta (auto-perturbaçao) em indivíduos com visao preservada (VP) e privaçao momentânea da visao (PMV) por meio de dois métodos denominados: i) Trabalho mecânico total (Wtot) e ii) Trabalho mecânico do centro de massa (WCM). A amostra constituiu-se de 10 voluntários saudáveis, do sexo masculino com idades de 25,6 (± 2,2) anos. Foram realizadas cinco tentativas para cada voluntário em ambas as condiçoes. Para coleta dos dados foi utilizado um sistema de imagem para rastreamento optoeletrônico tridimensional, composto de 8 câmeras de vídeo, com freqüência de captaçao de 200 Hz. Observou-se pela análise de regressao linear que o Wtot e WCM apresentam forte correlaçao entre as duas condiçoes (r2 = 0,77 para a condiçao VP e r2 = 0,84 para a condiçao PMV) e pelo teste t de Student observou-se diferenças estatisticamente significativas (p&lt;0,10) na primeira tentativa entre os voluntários com VP e PMV para o Wtot durante o intervalo pós-perturbaçao, bem como diferenças no WCM nos intervalos [0,80]ms e [0,100]ms. Concluiu-se que os métodos que calculam o Wtot e o WCM possibilita investigar o controle postural após perturbaçoes motoras e visuais podendo ser utilizado como recurso na reabilitaçao física. </subfield>
</datafield>
<datafield tag="260" ind1=" " ind2=" ">
<subfield code="b">Faculdade de Medicina, Universidade de São Paulo</subfield>
</datafield>
<dataField tag="260" ind1=" " ind2=" ">
<subfield code="c">2009-12-09 00:00:00</subfield>
</dataField>   <datafield tag="856" ind1=" " ind2=" ">
<subfield code="q">application/pdf</subfield>
</datafield>
<datafield tag="856" ind1="4" ind2="0">
<subfield code="u">https://www.revistas.usp.br/actafisiatrica/article/view/103274</subfield>
</datafield>  <datafield tag="786" ind1="0" ind2=" ">
<subfield code="n">Acta Fisiátrica; v. 16 n. 4 (2009)</subfield>
</datafield>  <datafield tag="546" ind1=" " ind2=" ">
<subfield code="a">por</subfield>
</datafield>   <datafield tag="540" ind1=" " ind2=" ">
<subfield code="a">Copyright (c) 2009 Acta Fisiátrica</subfield>
</datafield>
</record>
</metadata>
</record>