
<record>
<header>
<identifier>oai:revistas.usp.br:article/103285</identifier>
<datestamp>2019-10-18T14:25:52Z</datestamp>
<setSpec>actafisiatrica:Art.+Rev.</setSpec>
<setSpec>driver</setSpec>
</header>
<metadata>
<record xmlns="http://www.loc.gov/MARC21/slim" xmlns:xsi="http://www.w3.org/2001/XMLSchema-instance" xsi:schemaLocation="http://www.loc.gov/MARC21/slim http://www.loc.gov/standards/marcxml/schema/MARC21slim.xsd">
<leader>     nmb a2200000Iu 4500</leader>
<controlfield tag="008">"091209 2009                        eng  "</controlfield>
<datafield tag="022" ind1="#" ind2="#">
<subfield code="$a">2317-0190</subfield>
</datafield>
<datafield tag="022" ind1="#" ind2="#">
<subfield code="$a">0104-7795</subfield>
</datafield>
<datafield tag="042" ind1=" " ind2=" ">
<subfield code="a">dc</subfield>
</datafield>
<datafield tag="245" ind1="0" ind2="0">
<subfield code="a">Antiinflamatórios não-esteroidais e sua farmacologia local</subfield>
</datafield>  <datafield tag="720" ind1="1" ind2=" ">
<subfield code="a">Muri, Estela Maris Freitas</subfield>
<subfield code="u">Universidade Federal Fluminense. Faculdade de Farmácia</subfield></datafield>
<datafield tag="720" ind1="1" ind2=" ">
<subfield code="a">Sposito, Maria Matilde de Mello</subfield>
<subfield code="u">Universidade de São Paulo.  Faculdade de Medicina</subfield></datafield>
<datafield tag="720" ind1="1" ind2=" ">
<subfield code="a">Metsavaht, Leonardo</subfield>
<subfield code="u">Instituto Brasil de Tecnologias da Saúde</subfield></datafield>
<datafield tag="520" ind1=" " ind2=" ">
<subfield code="a"> Os antiinflamatórios não-esteroidais (AINES) são geralmente usados para reduzir a dor e inflamação resultantes de diversos tipos de lesões. Apesar de normalmente serem administrados por via oral, seu uso local tem atraído a atenção de profissionais da área médica e de pesquisadores interessados em comprovar a disponibilidade aumentada desses medicamentos em locais próximos a área lesionada. A presente revisão enfatiza a terapia local, principalmente a via intradérmica, como uma alternativa altamente promissora para a administração de AINES. </subfield>
</datafield>
<datafield tag="260" ind1=" " ind2=" ">
<subfield code="b">Faculdade de Medicina, Universidade de São Paulo</subfield>
</datafield>
<dataField tag="260" ind1=" " ind2=" ">
<subfield code="c">2009-12-09 00:00:00</subfield>
</dataField>   <datafield tag="856" ind1=" " ind2=" ">
<subfield code="q">application/pdf</subfield>
</datafield>
<datafield tag="856" ind1="4" ind2="0">
<subfield code="u">https://www.revistas.usp.br/actafisiatrica/article/view/103285</subfield>
</datafield>  <datafield tag="786" ind1="0" ind2=" ">
<subfield code="n">Acta Fisiátrica; v. 16 n. 4 (2009)</subfield>
</datafield>  <datafield tag="546" ind1=" " ind2=" ">
<subfield code="a">por</subfield>
</datafield>   <datafield tag="540" ind1=" " ind2=" ">
<subfield code="a">Copyright (c) 2009 Acta Fisiátrica</subfield>
</datafield>
</record>
</metadata>
</record>