
<record>
<header>
<identifier>oai:revistas.usp.br:article/103286</identifier>
<datestamp>2019-10-18T14:33:26Z</datestamp>
<setSpec>actafisiatrica:Art.+Rev.</setSpec>
<setSpec>driver</setSpec>
</header>
<metadata>
<record xmlns="http://www.loc.gov/MARC21/slim" xmlns:xsi="http://www.w3.org/2001/XMLSchema-instance" xsi:schemaLocation="http://www.loc.gov/MARC21/slim http://www.loc.gov/standards/marcxml/schema/MARC21slim.xsd">
<leader>     nmb a2200000Iu 4500</leader>
<controlfield tag="008">"091209 2009                        eng  "</controlfield>
<datafield tag="022" ind1="#" ind2="#">
<subfield code="$a">2317-0190</subfield>
</datafield>
<datafield tag="022" ind1="#" ind2="#">
<subfield code="$a">0104-7795</subfield>
</datafield>
<datafield tag="042" ind1=" " ind2=" ">
<subfield code="a">dc</subfield>
</datafield>
<datafield tag="245" ind1="0" ind2="0">
<subfield code="a">Avaliação da estimulação elétrica no tratamento da disfagia secundário ao acidente vascular encefálico</subfield>
</datafield>  <datafield tag="720" ind1="1" ind2=" ">
<subfield code="a">Soares, Thaís Miranda Curvelo</subfield>
<subfield code="u">Centro Universitário da Bahia</subfield></datafield>
<datafield tag="720" ind1="1" ind2=" ">
<subfield code="a">Conceição, Tatiana Maíta Alves</subfield>
<subfield code="u">Faculdade Jorge Amado</subfield></datafield>
<datafield tag="720" ind1="1" ind2=" ">
<subfield code="a">Cardoso, Fabrício</subfield>
<subfield code="u">Universidade Castelo Branco</subfield></datafield>
<datafield tag="720" ind1="1" ind2=" ">
<subfield code="a">Beresford, Heron</subfield>
<subfield code="u">Universidade do Estado do Rio de Janeiro</subfield></datafield>
<datafield tag="520" ind1=" " ind2=" ">
<subfield code="a"> A disfagia neurogênica compreende as alterações da deglutição que ocorrem em virtude de uma doença neurológica. Este tipo de disfagia é particularmente debilitante, podendo levar a morte ou aumento do custo de saúde decorrentes da aspiração traqueal. Esta patologia é comum e consiste numa complicação potencialmente fatal para AVE agudo, ocorrendo em aproximadamente 50% desses pacientes. Dentre os possíveis tratamentos, a estimulação tátiltérmica e biofeedback têm um sucesso freqüente, variando de 0% a 83%. Estudos registram alto sucesso deste tratamento com pacientes que sofreram AVE, o que geralmente não incluem a mais severa forma de disfagia. Já o uso da estimulação elétrica no tratamento da disfagia foi primeiro descrito em 1996 por Freed et al e, posteriormente, por Park et al. O objetivo dessa estimulação elétrica era alcançar um ramo aferente do reflexo da deglutição em pacientes com atraso do início da deglutição. Sendo esta uma alternativa de tratamento ainda pouco explorada, o objetivo desse estudo foi realizar uma revisão bibliográfica sobre a utilização da estimulação elétrica no tratamento da disfagia em pacientes que sofreram acidente vascular encefálico. Conclusão: A disfagia neurogência, por estar diretamente associada ao aumento da morbi-mortalidade, necessita da atenção especial dos profissionais da Saúde. Sendo a eletroestimulação uma terapêutica importante a ser explorada já que possui uma eficácia significativa nesta patologia. </subfield>
</datafield>
<datafield tag="260" ind1=" " ind2=" ">
<subfield code="b">Faculdade de Medicina, Universidade de São Paulo</subfield>
</datafield>
<dataField tag="260" ind1=" " ind2=" ">
<subfield code="c">2009-12-09 00:00:00</subfield>
</dataField>   <datafield tag="856" ind1=" " ind2=" ">
<subfield code="q">application/pdf</subfield>
</datafield>
<datafield tag="856" ind1="4" ind2="0">
<subfield code="u">https://www.revistas.usp.br/actafisiatrica/article/view/103286</subfield>
</datafield>  <datafield tag="786" ind1="0" ind2=" ">
<subfield code="n">Acta Fisiátrica; v. 16 n. 4 (2009)</subfield>
</datafield>  <datafield tag="546" ind1=" " ind2=" ">
<subfield code="a">por</subfield>
</datafield>   <datafield tag="540" ind1=" " ind2=" ">
<subfield code="a">Copyright (c) 2009 Acta Fisiátrica</subfield>
</datafield>
</record>
</metadata>
</record>