
<record>
<header>
<identifier>oai:revistas.usp.br:article/103287</identifier>
<datestamp>2019-10-18T14:37:14Z</datestamp>
<setSpec>actafisiatrica:Rel.+Caso</setSpec>
<setSpec>driver</setSpec>
</header>
<metadata>
<record xmlns="http://www.loc.gov/MARC21/slim" xmlns:xsi="http://www.w3.org/2001/XMLSchema-instance" xsi:schemaLocation="http://www.loc.gov/MARC21/slim http://www.loc.gov/standards/marcxml/schema/MARC21slim.xsd">
<leader>     nmb a2200000Iu 4500</leader>
<controlfield tag="008">"091209 2009                        eng  "</controlfield>
<datafield tag="022" ind1="#" ind2="#">
<subfield code="$a">2317-0190</subfield>
</datafield>
<datafield tag="022" ind1="#" ind2="#">
<subfield code="$a">0104-7795</subfield>
</datafield>
<datafield tag="042" ind1=" " ind2=" ">
<subfield code="a">dc</subfield>
</datafield>
<datafield tag="245" ind1="0" ind2="0">
<subfield code="a">Avaliação isocinética em nadador amputado de membro superior: relato de caso</subfield>
</datafield>  <datafield tag="720" ind1="1" ind2=" ">
<subfield code="a">Secchi, Leonardo Luiz Barretti</subfield>
<subfield code="u">Universidade de São Paulo. Faculdade de Medicina</subfield></datafield>
<datafield tag="720" ind1="1" ind2=" ">
<subfield code="a">Muratt, Mavi Diehl</subfield>
<subfield code="u">Universidade de São Paulo. Faculdade de Medicina</subfield></datafield>
<datafield tag="720" ind1="1" ind2=" ">
<subfield code="a">Saccol, Michele Forgiarini</subfield>
<subfield code="u">Universidade Luterana do Brasil</subfield></datafield>
<datafield tag="720" ind1="1" ind2=" ">
<subfield code="a">Greve, Julia Maria D&#039;Andrea</subfield>
<subfield code="u">Universidade de São Paulo. Faculdade de Medicina</subfield></datafield>
<datafield tag="520" ind1=" " ind2=" ">
<subfield code="a"> A natação é um dos principais esportes de estudo, mas a natação em atletas com deficiência física abre um ramo de pesquisa. Objetivo: Analisar através da dinamometria isocinética os grupos musculares: abdutores e adutores, flexores e extensores de ombro de um nadador da elite brasileira com amputação do terço proximal do rádio. Métodos: Paciente do gênero masculino com 18 anos de idade, sendo, nove deles competindo. Foi avaliado clinicamente e através do questionário funcional DASH e pelo questionário EROE quanto à atividade esportiva. Na avaliação no dinamômetro isocinético Biodex System 3 com o protocolo de 5 repetições a 60º/segundo e 20 repetições a 180º e 240º/segundo quanto aos movimentos abdução/adução e flexão/extensão. Resultados: Nos questionários não se observou dor ou outra alteração da avaliação clínica. No questionário DASH, o atleta referiu dificuldade grau médio. Seu desempenho na escala EROE foi excelente. Na avaliação isocinética o atleta apresentou diferenças no lado amputado comparado em relação ao sadio. Conclusão: A avaliação isocinética é um bom parâmetro para estudo da força mesmo em nadadores com deficiência física, mostrando que estes atletas necessitam de um treinamento específico. </subfield>
</datafield>
<datafield tag="260" ind1=" " ind2=" ">
<subfield code="b">Faculdade de Medicina, Universidade de São Paulo</subfield>
</datafield>
<dataField tag="260" ind1=" " ind2=" ">
<subfield code="c">2009-12-09 00:00:00</subfield>
</dataField>   <datafield tag="856" ind1=" " ind2=" ">
<subfield code="q">application/pdf</subfield>
</datafield>
<datafield tag="856" ind1="4" ind2="0">
<subfield code="u">https://www.revistas.usp.br/actafisiatrica/article/view/103287</subfield>
</datafield>  <datafield tag="786" ind1="0" ind2=" ">
<subfield code="n">Acta Fisiátrica; v. 16 n. 4 (2009)</subfield>
</datafield>  <datafield tag="546" ind1=" " ind2=" ">
<subfield code="a">por</subfield>
</datafield>   <datafield tag="540" ind1=" " ind2=" ">
<subfield code="a">Copyright (c) 2009 Acta Fisiátrica</subfield>
</datafield>
</record>
</metadata>
</record>