
<record>
<header>
<identifier>oai:revistas.usp.br:article/103288</identifier>
<datestamp>2019-10-18T15:04:37Z</datestamp>
<setSpec>actafisiatrica:Cart.+Editor</setSpec>
<setSpec>driver</setSpec>
</header>
<metadata>
<record xmlns="http://www.loc.gov/MARC21/slim" xmlns:xsi="http://www.w3.org/2001/XMLSchema-instance" xsi:schemaLocation="http://www.loc.gov/MARC21/slim http://www.loc.gov/standards/marcxml/schema/MARC21slim.xsd">
<leader>     nmb a2200000Iu 4500</leader>
<controlfield tag="008">"091209 2009                        eng  "</controlfield>
<datafield tag="022" ind1="#" ind2="#">
<subfield code="$a">2317-0190</subfield>
</datafield>
<datafield tag="022" ind1="#" ind2="#">
<subfield code="$a">0104-7795</subfield>
</datafield>
<datafield tag="042" ind1=" " ind2=" ">
<subfield code="a">dc</subfield>
</datafield>
<datafield tag="245" ind1="0" ind2="0">
<subfield code="a">Eletroestimulação neuromuscular na pressão plantar, simetria e funcionalidade de hemiparéticos</subfield>
</datafield>  <datafield tag="720" ind1="1" ind2=" ">
<subfield code="a">Polese, Janaine Cunha</subfield>
<subfield code="u">Universidade Federal de Minas Gerais</subfield></datafield>
<datafield tag="720" ind1="1" ind2=" ">
<subfield code="a">Mazzola, Daiane</subfield>
<subfield code="u">Universidade de Passo Fundo</subfield></datafield>
<datafield tag="720" ind1="1" ind2=" ">
<subfield code="a">Schuster, Rodrigo Costa</subfield>
<subfield code="u">Universidade de Passo Fundo</subfield></datafield>
<datafield tag="520" ind1=" " ind2=" ">
<subfield code="a"> Este estudo objetivou analisar os efeitos da Eletroestimulação Neuromuscular (EENM) na pressão plantar, simetria e funcionalidade de hemiparéticos. Participaram deste pacientes hemiparéticos crônicos, divididos em dois grupos: intervenção, composto por cinco pacientes, que receberam a corrente FES no tibial anterior, três vezes por semana, durante quatro semanas, por trinta minutos; controle, formado por dois pacientes que receberam, pelo mesmo período e no mesmo músculo, a corrente sham (50μs e 150Hz). Os sujeitos realizaram pré e pós tratamento avaliação da pressão plantar através do sistema de baropodometria computadorizada FScan ™, análise da simetria e avaliação da funcionalidade, através da Medida de Independência Funcional (MIF). A média de idade da amostra estudada foi 58,85 anos, todos com diagnóstico de AVE isquêmico crônico. Em relação à pressão plantar e funcionalidade, não houveram diferenças estatisticamente significativas tanto no grupo FES quanto no grupo sham. Os índices de simetria do grupo intervenção aumentaram 140,58% após o tratamento. Já no grupo sham, esse ganho foi de 57,65%. Através deste constatou-se que a EENM pode influenciar positivamente na simetria de pacientes hemiparéticos crônicos, podendo acarretar uma marcha mais satisfatória. </subfield>
</datafield>
<datafield tag="260" ind1=" " ind2=" ">
<subfield code="b">Faculdade de Medicina, Universidade de São Paulo</subfield>
</datafield>
<dataField tag="260" ind1=" " ind2=" ">
<subfield code="c">2009-12-09 00:00:00</subfield>
</dataField>   <datafield tag="856" ind1=" " ind2=" ">
<subfield code="q">application/pdf</subfield>
</datafield>
<datafield tag="856" ind1="4" ind2="0">
<subfield code="u">https://www.revistas.usp.br/actafisiatrica/article/view/103288</subfield>
</datafield>  <datafield tag="786" ind1="0" ind2=" ">
<subfield code="n">Acta Fisiátrica; v. 16 n. 4 (2009)</subfield>
</datafield>  <datafield tag="546" ind1=" " ind2=" ">
<subfield code="a">por</subfield>
</datafield>   <datafield tag="540" ind1=" " ind2=" ">
<subfield code="a">Copyright (c) 2009 Acta Fisiátrica</subfield>
</datafield>
</record>
</metadata>
</record>