
<record>
<header>
<identifier>oai:revistas.usp.br:article/103291</identifier>
<datestamp>2019-10-18T15:09:00Z</datestamp>
<setSpec>actafisiatrica:Tend.+Refle.</setSpec>
<setSpec>driver</setSpec>
</header>
<metadata>
<record xmlns="http://www.loc.gov/MARC21/slim" xmlns:xsi="http://www.w3.org/2001/XMLSchema-instance" xsi:schemaLocation="http://www.loc.gov/MARC21/slim http://www.loc.gov/standards/marcxml/schema/MARC21slim.xsd">
<leader>     nmb a2200000Iu 4500</leader>
<controlfield tag="008">"091209 2009                        eng  "</controlfield>
<datafield tag="022" ind1="#" ind2="#">
<subfield code="$a">2317-0190</subfield>
</datafield>
<datafield tag="022" ind1="#" ind2="#">
<subfield code="$a">0104-7795</subfield>
</datafield>
<datafield tag="042" ind1=" " ind2=" ">
<subfield code="a">dc</subfield>
</datafield>
<datafield tag="245" ind1="0" ind2="0">
<subfield code="a">Controle postural no envelhecimento: um estudo comparativo entre Brasil e Espanha</subfield>
</datafield>  <datafield tag="720" ind1="1" ind2=" ">
<subfield code="a">Alfieri, Fábio Marcon</subfield>
<subfield code="u">Centro Universitário Adventista de São Paulo</subfield></datafield>
<datafield tag="720" ind1="1" ind2=" ">
<subfield code="a">Riberto, Marcelo</subfield>
<subfield code="u">Universidade de São Paulo. Faculdade de Medicina</subfield><subfield code="0">https://orcid.org/0000-0001-9549-8830</subfield></datafield>
<datafield tag="720" ind1="1" ind2=" ">
<subfield code="a">Ribeiro, Carla Paschoal Corsi</subfield>
<subfield code="u">Universidade de São Paulo. Faculdade de Medicina</subfield></datafield>
<datafield tag="720" ind1="1" ind2=" ">
<subfield code="a">Carreres, Maria Àngels Abril</subfield>
<subfield code="u">Hospital Universitário Mútua de Terrassa, Universidade de Barcelona</subfield></datafield>
<datafield tag="720" ind1="1" ind2=" ">
<subfield code="a">Battistella, Linamara Rizzo</subfield>
<subfield code="u">Universidade de São Paulo. Faculdade de Medicina</subfield><subfield code="0">https://orcid.org/0000-0001-5275-0733</subfield></datafield>
<datafield tag="720" ind1="1" ind2=" ">
<subfield code="a">Figuera, Roser Garreta</subfield>
<subfield code="u">Hospital Universitário Mútua de Terrassa, Universidade de Barcelona</subfield></datafield>
<datafield tag="520" ind1=" " ind2=" ">
<subfield code="a"> O envelhecimento traz consigo alterações nos sistemas sensoriais e músculo-esquelético, que juntos alteram o controle postural dos idosos. O objetivo deste estudo foi o de verificar e comparar o controle postural de idosos da cidade de São Paulo - Brasil, com idosos que vivem em Terrassa (Barcelona)- Espanha. Participaram da pesquisa, 36 idosos brasileiros (69,61±5,3 anos) e 33 idosos espanhóis (69,72±4,6 anos) considerados saudáveis, recrutados a partir de dois serviços de reabilitação. Os voluntários realizaram avaliações pertinentes ao controle postural por meio do teste Timed up and go e bateria de testes de Guralnik. Os dados foram analisados por meio do teste t e os resultados mostram que os grupos são semelhantes quanto a idade e a composição corporal, porém o grupo do Brasil apresentou melhores resultados nas duas avaliações realizadas quando comparado com o grupo da Espanha. Concluise que os indivíduos brasileiros deste estudo apresentaram melhor desempenho na realização dos testes sobre controle postural. </subfield>
</datafield>
<datafield tag="260" ind1=" " ind2=" ">
<subfield code="b">Faculdade de Medicina, Universidade de São Paulo</subfield>
</datafield>
<dataField tag="260" ind1=" " ind2=" ">
<subfield code="c">2009-12-09 00:00:00</subfield>
</dataField>   <datafield tag="856" ind1=" " ind2=" ">
<subfield code="q">application/pdf</subfield>
</datafield>
<datafield tag="856" ind1="4" ind2="0">
<subfield code="u">https://www.revistas.usp.br/actafisiatrica/article/view/103291</subfield>
</datafield>  <datafield tag="786" ind1="0" ind2=" ">
<subfield code="n">Acta Fisiátrica; v. 16 n. 4 (2009)</subfield>
</datafield>  <datafield tag="546" ind1=" " ind2=" ">
<subfield code="a">por</subfield>
</datafield>   <datafield tag="540" ind1=" " ind2=" ">
<subfield code="a">Copyright (c) 2009 Acta Fisiátrica</subfield>
</datafield>
</record>
</metadata>
</record>