
<record>
<header>
<identifier>oai:revistas.usp.br:article/103293</identifier>
<datestamp>2019-09-30T14:19:35Z</datestamp>
<setSpec>actafisiatrica:Edit</setSpec>
<setSpec>driver</setSpec>
</header>
<metadata>
<record xmlns="http://www.loc.gov/MARC21/slim" xmlns:xsi="http://www.w3.org/2001/XMLSchema-instance" xsi:schemaLocation="http://www.loc.gov/MARC21/slim http://www.loc.gov/standards/marcxml/schema/MARC21slim.xsd">
<leader>     nmb a2200000Iu 4500</leader>
<controlfield tag="008">"100309 2010                        eng  "</controlfield>
<datafield tag="022" ind1="#" ind2="#">
<subfield code="$a">2317-0190</subfield>
</datafield>
<datafield tag="022" ind1="#" ind2="#">
<subfield code="$a">0104-7795</subfield>
</datafield>
<datafield tag="042" ind1=" " ind2=" ">
<subfield code="a">dc</subfield>
</datafield>
<datafield tag="245" ind1="0" ind2="0">
<subfield code="a">Classificação dos periódicos no Sistema QUALIS da CAPES – a mudança dos critérios é urgente!</subfield>
</datafield>  <datafield tag="720" ind1="1" ind2=" ">
<subfield code="a">Andriolo, Adagmar</subfield>
<subfield code="u">Jornal Brasileiro de Patologia e Medicina Laboratorial</subfield></datafield>
<datafield tag="720" ind1="1" ind2=" ">
<subfield code="a">Souza, Aécio Flávio Meireles</subfield>
<subfield code="u">Revista GED</subfield></datafield>
<datafield tag="720" ind1="1" ind2=" ">
<subfield code="a">Farias, Alberto Queiroz</subfield>
<subfield code="u">Revista Arquivos de Gastroenterologia</subfield></datafield>
<datafield tag="720" ind1="1" ind2=" ">
<subfield code="a">Barbosa, Alfredo José Afonso</subfield>
<subfield code="u">Jornal Brasileiro de Patologia e Medicina Laboratorial</subfield></datafield>
<datafield tag="720" ind1="1" ind2=" ">
<subfield code="a">França Netto, Antonio Spina</subfield>
<subfield code="u">Revista Arquivos de Neuro-Psiquiatria</subfield></datafield>
<datafield tag="720" ind1="1" ind2=" ">
<subfield code="a">Hernandez, Arnaldo José</subfield>
<subfield code="u">Revista Brasileira de Medicina do Esporte</subfield></datafield>  <datafield tag="260" ind1=" " ind2=" ">
<subfield code="b">Faculdade de Medicina, Universidade de São Paulo</subfield>
</datafield>
<dataField tag="260" ind1=" " ind2=" ">
<subfield code="c">2010-03-09 00:00:00</subfield>
</dataField>   <datafield tag="856" ind1=" " ind2=" ">
<subfield code="q">application/pdf</subfield>
</datafield>
<datafield tag="856" ind1="4" ind2="0">
<subfield code="u">https://www.revistas.usp.br/actafisiatrica/article/view/103293</subfield>
</datafield>  <datafield tag="786" ind1="0" ind2=" ">
<subfield code="n">Acta Fisiátrica; v. 17 n. 1 (2010)</subfield>
</datafield>  <datafield tag="546" ind1=" " ind2=" ">
<subfield code="a">por</subfield>
</datafield>   <datafield tag="540" ind1=" " ind2=" ">
<subfield code="a">Copyright (c)  </subfield>
</datafield>
</record>
</metadata>
</record>