
<record>
<header>
<identifier>oai:revistas.usp.br:article/103302</identifier>
<datestamp>2019-09-30T13:38:32Z</datestamp>
<setSpec>actafisiatrica:Art.+Orig.</setSpec>
<setSpec>driver</setSpec>
</header>
<metadata>
<record xmlns="http://www.loc.gov/MARC21/slim" xmlns:xsi="http://www.w3.org/2001/XMLSchema-instance" xsi:schemaLocation="http://www.loc.gov/MARC21/slim http://www.loc.gov/standards/marcxml/schema/MARC21slim.xsd">
<leader>     nmb a2200000Iu 4500</leader>
<controlfield tag="008">"100309 2010                        eng  "</controlfield>
<datafield tag="022" ind1="#" ind2="#">
<subfield code="$a">2317-0190</subfield>
</datafield>
<datafield tag="022" ind1="#" ind2="#">
<subfield code="$a">0104-7795</subfield>
</datafield>
<datafield tag="042" ind1=" " ind2=" ">
<subfield code="a">dc</subfield>
</datafield>
<datafield tag="245" ind1="0" ind2="0">
<subfield code="a">Avaliação da confiabilidade interobservadores da volumetria das mãos em indivíduos sem alterações em membros superiores</subfield>
</datafield>  <datafield tag="720" ind1="1" ind2=" ">
<subfield code="a">Ribeiro, Renata Cristina Boffi</subfield>
<subfield code="u">Universidade Federal de São Paulo. Escola Paulista de Medicina</subfield></datafield>
<datafield tag="720" ind1="1" ind2=" ">
<subfield code="a">Lima, Simone Maria Puresa Fonseca</subfield>
</datafield>
<datafield tag="720" ind1="1" ind2=" ">
<subfield code="a">Carreira, Ana Cláudia Gomes</subfield>
<subfield code="u">Universidade Federal de São Paulo. Escola Paulista de Medicina</subfield></datafield>
<datafield tag="720" ind1="1" ind2=" ">
<subfield code="a">Masiero, Danilo</subfield>
<subfield code="u">Universidade Federal de São Paulo. Escola Paulista de Medicina</subfield></datafield>
<datafield tag="720" ind1="1" ind2=" ">
<subfield code="a">Chamlian, Therezinha Rosane</subfield>
<subfield code="u">Universidade Federal de São Paulo. Escola Paulista de Medicina</subfield></datafield>
<datafield tag="520" ind1=" " ind2=" ">
<subfield code="a"> The purposes of the present study were to evaluate the inter-tester reliability of the volumeter and to determine the normative index in adults of both genders and without any changes in their upper limbs. The sample was composed of one hundred individuals (200 hands), 50 women and 50 men, with ages between 21 and 50, and with uncompromised upper limbs. The volume of each subject’s hand was randomly measured through the volumetric method and the instrument used to evaluate them was a volumeter. This method was applied by 2 examiners and each patient was evaluated twice. Comparing the hands, gender, and examiners, we can observe that the mean of the right hands was always greater than that of the left hands, the mean volume of men’s hands was always greater than the women’s, and the mean of the second examiner was always greater than the first. From this analysis, considering values obtained with both examiners, we can notice that the final average was significant (p&lt;0.001) to the difference between the right and the left hand in the general population, for women and for men. We can conclude that the results statistically significant to the final averages of volumetry were: for women, right hand with 402.40ml and left with 397.15ml; for men, right hand with 516.10ml and left with 505.30ml, and, in the general population, right hand with 459.25ml and left hand with 451.23ml. We can also conclude that the results are cohesive and reliable. </subfield>
</datafield>
<datafield tag="260" ind1=" " ind2=" ">
<subfield code="b">Faculdade de Medicina, Universidade de São Paulo</subfield>
</datafield>
<dataField tag="260" ind1=" " ind2=" ">
<subfield code="c">2010-03-09 00:00:00</subfield>
</dataField>   <datafield tag="856" ind1=" " ind2=" ">
<subfield code="q">application/pdf</subfield>
</datafield>
<datafield tag="856" ind1=" " ind2=" ">
<subfield code="q">application/pdf</subfield>
</datafield>
<datafield tag="856" ind1="4" ind2="0">
<subfield code="u">https://www.revistas.usp.br/actafisiatrica/article/view/103302</subfield>
</datafield>  <datafield tag="786" ind1="0" ind2=" ">
<subfield code="n">Acta Fisiátrica; v. 17 n. 1 (2010)</subfield>
</datafield>  <datafield tag="546" ind1=" " ind2=" ">
<subfield code="a">eng</subfield>
</datafield>   <datafield tag="540" ind1=" " ind2=" ">
<subfield code="a">Copyright (c) 2010 Acta Fisiátrica</subfield>
</datafield>
</record>
</metadata>
</record>