
<record>
<header>
<identifier>oai:revistas.usp.br:article/103303</identifier>
<datestamp>2019-09-30T13:42:39Z</datestamp>
<setSpec>actafisiatrica:Art.+Orig.</setSpec>
<setSpec>driver</setSpec>
</header>
<metadata>
<record xmlns="http://www.loc.gov/MARC21/slim" xmlns:xsi="http://www.w3.org/2001/XMLSchema-instance" xsi:schemaLocation="http://www.loc.gov/MARC21/slim http://www.loc.gov/standards/marcxml/schema/MARC21slim.xsd">
<leader>     nmb a2200000Iu 4500</leader>
<controlfield tag="008">"100309 2010                        eng  "</controlfield>
<datafield tag="022" ind1="#" ind2="#">
<subfield code="$a">2317-0190</subfield>
</datafield>
<datafield tag="022" ind1="#" ind2="#">
<subfield code="$a">0104-7795</subfield>
</datafield>
<datafield tag="042" ind1=" " ind2=" ">
<subfield code="a">dc</subfield>
</datafield>
<datafield tag="245" ind1="0" ind2="0">
<subfield code="a">Correlação entre instrumentos para se avaliar independência funcional e nível de atividade física em crianças</subfield>
</datafield>  <datafield tag="720" ind1="1" ind2=" ">
<subfield code="a">Freitas, Tatiana Beline de</subfield>
</datafield>
<datafield tag="720" ind1="1" ind2=" ">
<subfield code="a">Sá, Cristina dos Santos Cardoso de</subfield>
<subfield code="u">Universidade Federal de São Paulo</subfield></datafield>
<datafield tag="720" ind1="1" ind2=" ">
<subfield code="a">Martins, Emerson Fachin</subfield>
<subfield code="u">Universidade de Brasília</subfield></datafield>
<datafield tag="520" ind1=" " ind2=" ">
<subfield code="a"> Assessment tools to quantify functional independence and physical activity levels are particularly useful for making decisions and monitoring rehabilitation programs. There are many tools available to assess independence in children. However, such tools can be more or less responsive to independence conditions. The aim of this study was to verify the correlation between functional independence parameters and physical activity levels quantified by different assessment tools in 4 and 5 year-old children. For this, 20 children whose motor development was appropriate for their age were assessed by the following tools: (1) Pediatric Evaluation Disability Inventory (PEDI), (2) Evaluation Questionnaire of Independence Level for Daily Life Activities in 4 to 8 year-old children (Questionnaire), and (3) Physical Activity Questionnaire for Children (PAQ-C). Delineation of a Cross-sectional study was utilized, with the measurements taken at just one moment describing the variables and their distribution and association patterns. For that age group, only for the self-care functional skills assessed by PEDI, significant correlation was observed with the age indicating higher independence values for the older children. For all other PEDI categories and for the other tools utilized in this study, that independence-age correlation was not significant. Despite the independence-age correlation having not been found in infants assessed by the Questionnaire, other significant correlations were observed between the Questionnaire values obtained and some PEDI values. No significant correlations were observed between the PAQ-C values obtained and the other tools. In conclusion, some categories quantified by PEDI are not correlated with functional independence changes detected by other categories by the same tool. Still, the correlation between Questionnaire values and PEDI values was observed in just some categories assessed by PEDI. Finally, PAQ-C did not correlate with the other two tools, suggesting the need for a better investigation into the responsiveness of the measurements from psychometric studies. </subfield>
</datafield>
<datafield tag="260" ind1=" " ind2=" ">
<subfield code="b">Faculdade de Medicina, Universidade de São Paulo</subfield>
</datafield>
<dataField tag="260" ind1=" " ind2=" ">
<subfield code="c">2010-03-09 00:00:00</subfield>
</dataField>   <datafield tag="856" ind1=" " ind2=" ">
<subfield code="q">application/pdf</subfield>
</datafield>
<datafield tag="856" ind1=" " ind2=" ">
<subfield code="q">application/pdf</subfield>
</datafield>
<datafield tag="856" ind1="4" ind2="0">
<subfield code="u">https://www.revistas.usp.br/actafisiatrica/article/view/103303</subfield>
</datafield>  <datafield tag="786" ind1="0" ind2=" ">
<subfield code="n">Acta Fisiátrica; v. 17 n. 1 (2010)</subfield>
</datafield>  <datafield tag="546" ind1=" " ind2=" ">
<subfield code="a">eng</subfield>
</datafield>   <datafield tag="540" ind1=" " ind2=" ">
<subfield code="a">Copyright (c) 2010 Acta Fisiátrica</subfield>
</datafield>
</record>
</metadata>
</record>