
<record>
<header>
<identifier>oai:revistas.usp.br:article/103304</identifier>
<datestamp>2019-09-30T13:47:18Z</datestamp>
<setSpec>actafisiatrica:Art.+Orig.</setSpec>
<setSpec>driver</setSpec>
</header>
<metadata>
<record xmlns="http://www.loc.gov/MARC21/slim" xmlns:xsi="http://www.w3.org/2001/XMLSchema-instance" xsi:schemaLocation="http://www.loc.gov/MARC21/slim http://www.loc.gov/standards/marcxml/schema/MARC21slim.xsd">
<leader>     nmb a2200000Iu 4500</leader>
<controlfield tag="008">"100309 2010                        eng  "</controlfield>
<datafield tag="022" ind1="#" ind2="#">
<subfield code="$a">2317-0190</subfield>
</datafield>
<datafield tag="022" ind1="#" ind2="#">
<subfield code="$a">0104-7795</subfield>
</datafield>
<datafield tag="042" ind1=" " ind2=" ">
<subfield code="a">dc</subfield>
</datafield>
<datafield tag="245" ind1="0" ind2="0">
<subfield code="a">Estudo descritivo do desempenho ocupacional do sujeito com doença de Parkinson: o uso da CIF como ferramenta para classificação da atividade e participação</subfield>
</datafield>  <datafield tag="720" ind1="1" ind2=" ">
<subfield code="a">Nickel, Renato</subfield>
<subfield code="u">Universidade Federal do Paraná</subfield></datafield>
<datafield tag="720" ind1="1" ind2=" ">
<subfield code="a">Pinto, Lauren Machado</subfield>
<subfield code="u">Universidade Federal do Paraná</subfield></datafield>
<datafield tag="720" ind1="1" ind2=" ">
<subfield code="a">Lima, Andressa Pereira</subfield>
<subfield code="u">Universidade Federal do Paraná</subfield></datafield>
<datafield tag="720" ind1="1" ind2=" ">
<subfield code="a">Navarro, Elaine Janeckzo</subfield>
<subfield code="u">Universidade Federal do Paraná</subfield></datafield>
<datafield tag="720" ind1="1" ind2=" ">
<subfield code="a">Teive, Helio Afonso Ghizoni</subfield>
<subfield code="u">Universidade Federal do Paraná</subfield><subfield code="0">https://orcid.org/0000-0003-2305-1073</subfield></datafield>
<datafield tag="720" ind1="1" ind2=" ">
<subfield code="a">Becker, Nilson</subfield>
<subfield code="u">Universidade Federal do Paraná</subfield></datafield>
<datafield tag="720" ind1="1" ind2=" ">
<subfield code="a">Munhoz, Renato Puppy</subfield>
<subfield code="u">Universidade Federal do Paraná</subfield></datafield>
<datafield tag="520" ind1=" " ind2=" ">
<subfield code="a"> The International Classification of Functionality, Disability, and Health (ICF) which appears as a tool to classify and identify factors that, in addition to the state of health, interfere with the functionality of the subject performing activities. In this cross-sectional study we assess the occupational performance of 46 subjects diagnosed with Parkinson’s disease (PD) through the application of the Canadian Occupational Performance Measurement (COPM) and its classification in the areas of ICF. The activities most effected are, Social, Civic, and Community Life (32.6%), Mobility (26.1%), Personal Care (27.1%), Family Life (10.9%), and Learning and Application of Knowledge (8.7%). Information has also been gathered about gender, marital status, type of residence, need for assistance, the Hoehn &amp; Yahr Scale, rigidity profile, postural stability, age and length of illness. This data was not statistically significant (p &lt;0.05). However, in the correlation between variables studied, the fact that only the rigidity variable showed an average correlation of r-0, 452 (p &lt;0.01) was obtained through the non-parametric Spearman correlation test, with the five areas classified in the ICF. The importance of promoting and maintaining Community, Social, and Civic Life for subjects with PD and rigidity as an important component of their complaints in relation to occupational performance. The Health Model proposed by the ICF, along with the application of the COPM, were effective, allowing for correlation when the activity is the focus of evaluation, between functions and structures of the body and environmental and personal factors, with the difficulties of performance in carrying out activities. </subfield>
</datafield>
<datafield tag="260" ind1=" " ind2=" ">
<subfield code="b">Faculdade de Medicina, Universidade de São Paulo</subfield>
</datafield>
<dataField tag="260" ind1=" " ind2=" ">
<subfield code="c">2010-03-09 00:00:00</subfield>
</dataField>   <datafield tag="856" ind1=" " ind2=" ">
<subfield code="q">application/pdf</subfield>
</datafield>
<datafield tag="856" ind1=" " ind2=" ">
<subfield code="q">application/pdf</subfield>
</datafield>
<datafield tag="856" ind1="4" ind2="0">
<subfield code="u">https://www.revistas.usp.br/actafisiatrica/article/view/103304</subfield>
</datafield>  <datafield tag="786" ind1="0" ind2=" ">
<subfield code="n">Acta Fisiátrica; v. 17 n. 1 (2010)</subfield>
</datafield>  <datafield tag="546" ind1=" " ind2=" ">
<subfield code="a">eng</subfield>
</datafield>   <datafield tag="540" ind1=" " ind2=" ">
<subfield code="a">Copyright (c) 2010 Acta Fisiátrica</subfield>
</datafield>
</record>
</metadata>
</record>