
<record>
<header>
<identifier>oai:revistas.usp.br:article/103305</identifier>
<datestamp>2019-09-30T13:51:58Z</datestamp>
<setSpec>actafisiatrica:Art.+Orig.</setSpec>
<setSpec>driver</setSpec>
</header>
<metadata>
<record xmlns="http://www.loc.gov/MARC21/slim" xmlns:xsi="http://www.w3.org/2001/XMLSchema-instance" xsi:schemaLocation="http://www.loc.gov/MARC21/slim http://www.loc.gov/standards/marcxml/schema/MARC21slim.xsd">
<leader>     nmb a2200000Iu 4500</leader>
<controlfield tag="008">"100309 2010                        eng  "</controlfield>
<datafield tag="022" ind1="#" ind2="#">
<subfield code="$a">2317-0190</subfield>
</datafield>
<datafield tag="022" ind1="#" ind2="#">
<subfield code="$a">0104-7795</subfield>
</datafield>
<datafield tag="042" ind1=" " ind2=" ">
<subfield code="a">dc</subfield>
</datafield>
<datafield tag="245" ind1="0" ind2="0">
<subfield code="a">Ligação do King’s Heath Questionário com a Classificação Internacional de Funcionalidade, Incapacidade e Saúde, para avaliação de pacientes com incontinência urinária pós cirurgia oncológica ginecológica</subfield>
</datafield>  <datafield tag="720" ind1="1" ind2=" ">
<subfield code="a">Castaneda, Luciana</subfield>
<subfield code="u">Centro Universitário da Cidade</subfield></datafield>
<datafield tag="720" ind1="1" ind2=" ">
<subfield code="a">Plácido, Tiago</subfield>
<subfield code="u">Instituto Nacional de Câncer</subfield></datafield>
<datafield tag="520" ind1=" " ind2=" ">
<subfield code="a"> Uterine cervix tumors are the second most common type of tumor among women in the world. In Brazil, 18,680 new cases were estimated for 2008. The treatment of choice for this type of cancer involves surgery, chemotherapy, and radiotherapy that encourage healing but, on the down side, impairments develop such as urinary incontinence. This incontinence appears as an early and common complication of the surgical treatment and involves deterioration in the quality of life, generating levels of morbidity, affecting psychological, occupational, domestic, physical, and sexual areas. To asses the quality of life in patients with incontinence there are several questionnaires in the scientific literature. Among them, the King’s Health Questionnaire (KHQ) is the most widely used as a research tool. In addition to accessing quality of life, the World Health Organization is advocating the use of the International Classification of Functioning, Disability and Health (ICF) as a tool for statistics, research, clinical and social policies, to provide a common language for the conditions related to health. The objective of this study is to establish a correlation between the KHQ and the ICF. The KHQ was correlated by two separate professionals, and followed by a discussion and conclusion of the coded domains. Twelve categories were found for body functions (b), 22 for activities and participation (d), and 4 for environmental factors (e), however, 7 significant concepts of the questionnaire could not be linked to the ICF. The KHQ has focused predominantly on issues related to activity and participation. This is a pilot study that needs more evidence to conclude its findings. </subfield>
</datafield>
<datafield tag="260" ind1=" " ind2=" ">
<subfield code="b">Faculdade de Medicina, Universidade de São Paulo</subfield>
</datafield>
<dataField tag="260" ind1=" " ind2=" ">
<subfield code="c">2010-03-09 00:00:00</subfield>
</dataField>   <datafield tag="856" ind1=" " ind2=" ">
<subfield code="q">application/pdf</subfield>
</datafield>
<datafield tag="856" ind1=" " ind2=" ">
<subfield code="q">application/pdf</subfield>
</datafield>
<datafield tag="856" ind1="4" ind2="0">
<subfield code="u">https://www.revistas.usp.br/actafisiatrica/article/view/103305</subfield>
</datafield>  <datafield tag="786" ind1="0" ind2=" ">
<subfield code="n">Acta Fisiátrica; v. 17 n. 1 (2010)</subfield>
</datafield>  <datafield tag="546" ind1=" " ind2=" ">
<subfield code="a">eng</subfield>
</datafield>   <datafield tag="540" ind1=" " ind2=" ">
<subfield code="a">Copyright (c) 2010 Acta Fisiátrica</subfield>
</datafield>
</record>
</metadata>
</record>