
<record>
<header>
<identifier>oai:revistas.usp.br:article/103306</identifier>
<datestamp>2019-09-30T14:00:16Z</datestamp>
<setSpec>actafisiatrica:Art.+Rev.</setSpec>
<setSpec>driver</setSpec>
</header>
<metadata>
<record xmlns="http://www.loc.gov/MARC21/slim" xmlns:xsi="http://www.w3.org/2001/XMLSchema-instance" xsi:schemaLocation="http://www.loc.gov/MARC21/slim http://www.loc.gov/standards/marcxml/schema/MARC21slim.xsd">
<leader>     nmb a2200000Iu 4500</leader>
<controlfield tag="008">"100309 2010                        eng  "</controlfield>
<datafield tag="022" ind1="#" ind2="#">
<subfield code="$a">2317-0190</subfield>
</datafield>
<datafield tag="022" ind1="#" ind2="#">
<subfield code="$a">0104-7795</subfield>
</datafield>
<datafield tag="042" ind1=" " ind2=" ">
<subfield code="a">dc</subfield>
</datafield>
<datafield tag="245" ind1="0" ind2="0">
<subfield code="a">Farmacologia de drogas vasoativas</subfield>
</datafield>  <datafield tag="720" ind1="1" ind2=" ">
<subfield code="a">Muri, Estela Maris Freitas</subfield>
<subfield code="u">Universidade Federal Fluminense. Faculdade de Farmácia</subfield></datafield>
<datafield tag="720" ind1="1" ind2=" ">
<subfield code="a">Sposito, Maria Matilde de Mello</subfield>
<subfield code="u">Universidade de São Paulo. Faculdade de Medicina</subfield></datafield>
<datafield tag="720" ind1="1" ind2=" ">
<subfield code="a">Metsavaht, Leonardo</subfield>
<subfield code="u">Instituto Brasil de Tecnologias da Saúde</subfield></datafield>
<datafield tag="520" ind1=" " ind2=" ">
<subfield code="a"> Peripheral vascular diseases (PVDS) are characterized as a circulation problem in the veins, arteries, and lymphatic system. The main therapy consists of changes in lifestyle such as diet and physical activity. The pharmacological therapy includes the use of vasoactive drugs, which are used in arteriopathies and venolymphatic disorders. The goal of this study was to research the scientific literature on the use and pharmacology of vasoactive drugs, emphasizing the efficacy of their local actions and administration. </subfield>
</datafield>
<datafield tag="260" ind1=" " ind2=" ">
<subfield code="b">Faculdade de Medicina, Universidade de São Paulo</subfield>
</datafield>
<dataField tag="260" ind1=" " ind2=" ">
<subfield code="c">2010-03-09 00:00:00</subfield>
</dataField>   <datafield tag="856" ind1=" " ind2=" ">
<subfield code="q">application/pdf</subfield>
</datafield>
<datafield tag="856" ind1=" " ind2=" ">
<subfield code="q">application/pdf</subfield>
</datafield>
<datafield tag="856" ind1="4" ind2="0">
<subfield code="u">https://www.revistas.usp.br/actafisiatrica/article/view/103306</subfield>
</datafield>  <datafield tag="786" ind1="0" ind2=" ">
<subfield code="n">Acta Fisiátrica; v. 17 n. 1 (2010)</subfield>
</datafield>  <datafield tag="546" ind1=" " ind2=" ">
<subfield code="a">eng</subfield>
</datafield>   <datafield tag="540" ind1=" " ind2=" ">
<subfield code="a">Copyright (c) 2010 Acta Fisiátrica</subfield>
</datafield>
</record>
</metadata>
</record>