
<record>
<header>
<identifier>oai:revistas.usp.br:article/103308</identifier>
<datestamp>2019-09-30T14:22:35Z</datestamp>
<setSpec>actafisiatrica:Tend.+Refle.</setSpec>
<setSpec>driver</setSpec>
</header>
<metadata>
<record xmlns="http://www.loc.gov/MARC21/slim" xmlns:xsi="http://www.w3.org/2001/XMLSchema-instance" xsi:schemaLocation="http://www.loc.gov/MARC21/slim http://www.loc.gov/standards/marcxml/schema/MARC21slim.xsd">
<leader>     nmb a2200000Iu 4500</leader>
<controlfield tag="008">"100309 2010                        eng  "</controlfield>
<datafield tag="022" ind1="#" ind2="#">
<subfield code="$a">2317-0190</subfield>
</datafield>
<datafield tag="022" ind1="#" ind2="#">
<subfield code="$a">0104-7795</subfield>
</datafield>
<datafield tag="042" ind1=" " ind2=" ">
<subfield code="a">dc</subfield>
</datafield>
<datafield tag="245" ind1="0" ind2="0">
<subfield code="a">Lesões no judô: repercussão na prática esportiva</subfield>
</datafield>  <datafield tag="720" ind1="1" ind2=" ">
<subfield code="a">Oliveira, Thiago de Sá</subfield>
<subfield code="u">Universidade Castelo Branco</subfield></datafield>
<datafield tag="720" ind1="1" ind2=" ">
<subfield code="a">Monnerat, Eduardo</subfield>
<subfield code="u">Universidade Castelo Branco</subfield></datafield>
<datafield tag="720" ind1="1" ind2=" ">
<subfield code="a">Pereira, João Santos</subfield>
<subfield code="u">Universidade Castelo Branco</subfield></datafield>
<datafield tag="520" ind1=" " ind2=" ">
<subfield code="a"> This study sought to verify the frequency of injuries during judo classes, the consequent time away from the practice of the sport, and the treatment used on judo athletes from gyms and clubs located in the city of Rio de Janeiro. Method: Thirty-five male athletes participated in the study, with ages between 8 and 30 years old, with a minimum involvement in the sport of 12 months. A validated and structured questionnaire was used for evaluation composed of 18 questions, both open and closed. Results and discussion: It was verified that the majority of the injuries occurred during the training process (82.86%) and most of the athletes remained away from the practice of the sport on average between 15 and 30 days. In relation to therapy, it was observed that anti-inflammatory medicines were being used more frequently (71.4%), followed by rest (62.9%), immobilization (60%) and ice locally (cryotherapy) (51.4%). This treatment was associated with physiotherapy in 40% of the injuries. Surgical interventions were needed in 14.3% of the cases. Conclusion: the occurrence of injuries during judo practice predominates in the training period, and most athletes can recover in less than one month having a conservative treatment as the main therapeutic choice. </subfield>
</datafield>
<datafield tag="260" ind1=" " ind2=" ">
<subfield code="b">Faculdade de Medicina, Universidade de São Paulo</subfield>
</datafield>
<dataField tag="260" ind1=" " ind2=" ">
<subfield code="c">2010-03-09 00:00:00</subfield>
</dataField>   <datafield tag="856" ind1=" " ind2=" ">
<subfield code="q">application/pdf</subfield>
</datafield>
<datafield tag="856" ind1=" " ind2=" ">
<subfield code="q">application/pdf</subfield>
</datafield>
<datafield tag="856" ind1="4" ind2="0">
<subfield code="u">https://www.revistas.usp.br/actafisiatrica/article/view/103308</subfield>
</datafield>  <datafield tag="786" ind1="0" ind2=" ">
<subfield code="n">Acta Fisiátrica; v. 17 n. 1 (2010)</subfield>
</datafield>  <datafield tag="546" ind1=" " ind2=" ">
<subfield code="a">eng</subfield>
</datafield>   <datafield tag="540" ind1=" " ind2=" ">
<subfield code="a">Copyright (c) 2010 Acta Fisiátrica</subfield>
</datafield>
</record>
</metadata>
</record>