
<record>
<header>
<identifier>oai:revistas.usp.br:article/103309</identifier>
<datestamp>2019-09-30T14:15:05Z</datestamp>
<setSpec>actafisiatrica:Tend.+Refle.</setSpec>
<setSpec>driver</setSpec>
</header>
<metadata>
<record xmlns="http://www.loc.gov/MARC21/slim" xmlns:xsi="http://www.w3.org/2001/XMLSchema-instance" xsi:schemaLocation="http://www.loc.gov/MARC21/slim http://www.loc.gov/standards/marcxml/schema/MARC21slim.xsd">
<leader>     nmb a2200000Iu 4500</leader>
<controlfield tag="008">"100309 2010                        eng  "</controlfield>
<datafield tag="022" ind1="#" ind2="#">
<subfield code="$a">2317-0190</subfield>
</datafield>
<datafield tag="022" ind1="#" ind2="#">
<subfield code="$a">0104-7795</subfield>
</datafield>
<datafield tag="042" ind1=" " ind2=" ">
<subfield code="a">dc</subfield>
</datafield>
<datafield tag="245" ind1="0" ind2="0">
<subfield code="a">O planejamento da reabilitação na fase aguda após o acidente vascular encefálico</subfield>
</datafield>  <datafield tag="720" ind1="1" ind2=" ">
<subfield code="a">Cecatto, Rebeca Boltes</subfield>
<subfield code="u">Hospital Israelita Brasileiro Albert Einstein</subfield><subfield code="0">https://orcid.org/0000-0001-5675-6665</subfield></datafield>
<datafield tag="720" ind1="1" ind2=" ">
<subfield code="a">Almeida, Cristiane Isabela de</subfield>
<subfield code="u">Hospital Israelita Brasileiro Albert Einstein</subfield></datafield>
<datafield tag="520" ind1=" " ind2=" ">
<subfield code="a"> The rehabilitation of patients with encephalic injuries is a process that seeks early recovery of the deficits and the preparation for reintegration into community life, with the best possible functional outcome, independence, and quality of life. This study aims to make it known to the Brazilian medical community the key-points referring to the rehabilitation programs specialized in the acute phase of an Encephalic Vascular Accident from the initial event until the transition back to community life. Based on their expertise, the authors made an analysis of 50 articles selected from the MEDLINE and the COCHRANE LIBRARY data bases, utilizing “Stroke” and “Rehabilitation” as descriptors, referring to patients older than 18 years, of both genders, in the period from 1990 to 2008, in the English, Portuguese, French, and Spanish languages More studies will be necessary in the future for the discussion of questions such as: measurements for quality of life, deficiency prognosis, stratification of the patients in relation to their response to rehabilitation, intensity, and duration of medium and long term rehabilitation, and measurements for the quality of rehabilitation services. </subfield>
</datafield>
<datafield tag="260" ind1=" " ind2=" ">
<subfield code="b">Faculdade de Medicina, Universidade de São Paulo</subfield>
</datafield>
<dataField tag="260" ind1=" " ind2=" ">
<subfield code="c">2010-03-09 00:00:00</subfield>
</dataField>   <datafield tag="856" ind1=" " ind2=" ">
<subfield code="q">application/pdf</subfield>
</datafield>
<datafield tag="856" ind1=" " ind2=" ">
<subfield code="q">application/pdf</subfield>
</datafield>
<datafield tag="856" ind1="4" ind2="0">
<subfield code="u">https://www.revistas.usp.br/actafisiatrica/article/view/103309</subfield>
</datafield>  <datafield tag="786" ind1="0" ind2=" ">
<subfield code="n">Acta Fisiátrica; v. 17 n. 1 (2010)</subfield>
</datafield>  <datafield tag="546" ind1=" " ind2=" ">
<subfield code="a">eng</subfield>
</datafield>   <datafield tag="540" ind1=" " ind2=" ">
<subfield code="a">Copyright (c) 2010 Acta Fisiátrica</subfield>
</datafield>
</record>
</metadata>
</record>
<resumptionToken expirationDate="2023-08-08T14:50:07Z" completeListSize="935" cursor="325">f8cd1f0cd61e9abf95b6d92251f4e20c</resumptionToken>
</ListRecords>
</OAI-PMH> 